% This file was created with JabRef 2.6.
% Encoding: UTF8

@MISC{example,
  author = {Example},
  title = {Example},
  howpublished = {Example},
  note = {\url{http://www.example.com}},
  owner = {yves},
  timestamp = {2011.03.21}
}

@comment{jabref-meta: selector_publisher:}

@comment{jabref-meta: selector_author:}

@comment{jabref-meta: selector_journal:}

@comment{jabref-meta: selector_keywords:}

