% This file was created with JabRef 2.6.
% Encoding: UTF8

@MISC{gcCalendar,
  author = {fraca7 (pseudonyme auteur inconnu )},
  title = {Composant de calendrier compatible iPhone},
  year = {2010},
  note = {\url{https://github.com/fraca7/GCCalendar}},
  owner = {eliasmedawar},
  timestamp = {2011.03.21}
  url = {https://github.com/fraca7/GCCalendar}
}

@MISC{wikiV,
  author = {Wikipedia (auteur inconnu)},
  title = {Le modèle du cycle en V},
  year = {2011},
  note = {\url{http://fr.wikipedia.org/wiki/Cycle\_en\_V}},
  owner = {eliasmedawar},
  timestamp = {2011.08.16},
  url = {http://fr.wikipedia.org/wiki/Cycle\_en\_V}
}
@MISC{jpaNMSC,
  author = {Wikipedia (auteur inconnu)},
  title = {Article décrivant le framework JPA},
  year = {2011},
  note = {\url{http://en.wikipedia.org/wiki/Java_Persistence_API}},
  owner = {eliasmedawar},
  timestamp = {2011.08.16}
}

@BOOK{bookErgo,
  title = {Programation iPhone OS3},
  publisher = {Eyrolles},
  year = {2010},
  editor = {Eyrolles},
  author = {Thomas Sarlandie},
  note = {Cahpitre 5 : Conception, ergononomie},
  volume = {2},
  owner = {eliasmedawar},
  timestamp = {2011.08.16}
}
@MISC{daoMsc,
  author = {Java Sun (auteur inconnu)},
  title = {Le pattern de DAO},
  year = {2011},
  note = {\url{http://java.sun.com/blueprints/corej2eepatterns/Patterns/DataAccessObject.html}},
  owner = {eliasmedawar},
  timestamp = {2011.08.16}
}
@MISC{appleComp
 author = {Apple  (auteur inconnu)},
  title = {Publication concernant la compatibilité iPhone/iPad},
  year = {2011},
  note = {\url{http://devimages.apple.com/iphone/resources/introductiontouniversalapps.pdf}},
  owner = {eliasmedawar},
  timestamp = {2011.08.16}
}
@MISC{tutoNet
 author = {Ray Wenderlich},
  title = {Introduction to MapKit on iOS Tutorial},
  year = {2011},
  note = {\url{http://www.raywenderlich.com/2847/introduction-to-mapkit-on-ios-tutorial}},
  owner = {eliasmedawar},
  timestamp = {2011.08.16}
}
 




@comment{jabref-meta: selector_publisher:}

@comment{jabref-meta: selector_author:}

@comment{jabref-meta: selector_journal:}

@comment{jabref-meta: selector_keywords:}

